@MISC{symfony2,
title = "Página oficial de {S}ymfony",
howpublished = "\\Accesible desde \url{http://www.symfony.com}",
key = {1},
year = 2013
}

@MISC{documentacionphp,
title = "Manual de {PHP}",
howpublished = "\\Accesible desde \url{http://es.php.net/manual/es}",
key = {3},
year = 2013
}

@MISC{docsymfony2,
title = "Documentación de {S}ymfony",
howpublished = "\\Accesible desde \url{http://gitnacho.github.io/symfony-docs-es}",
key = {2},
year = 2013
}

@MISC{apisymfony,
title = "{Api Symfony2}",
howpublished = "\\Accesible desde \url{http://api.symfony.com/2.0/index.html}",
key = {13},
year = 2013
}

@MISC{conferenciassymfony,
title = "{Conferencias de Symfony2 en castellano}",
howpublished = "\\Accesible desde \url{http://desymfony.com}",
key = {13},
year = 2013
}

@MISC{librojavier,
title = "{Libro desarrollo ágil con Symfony2}",
howpublished = "\\Accesible desde \url{http://www.symfony.es/libro}",
key = {13},
year = 2013
}

@MISC{doctrine,
title = "{Doctrine}",
howpublished = "\\Accesible desde \url{http://www.doctrine-project.org}",
key = {13},
year = 2013
}

@MISC{jquery,
title = "{Página oficial de JQuery}",
howpublished = "\\Accesible desde \url{http://www.jquery.com}",
key = {4},
year = 2013
}

@MISC{documentacionjquery,
title = "{Manual de JQuery}",
howpublished = "\\Accesible desde \url{http://librojquery.com}",
key = {5},
year = 2013
}

@MISC{datatables,
title = "{Página oficial de JQquery Datatables}",
howpublished = "\\Accesible desde \url{http://www.datatables.net}",
key = {6},
year = 2013
}

@MISC{fullcalendar,
title = "{Página oficial de JQuery FullCalendar}",
howpublished = "\\Accesible desde \url{http://arshaw.com/fullcalendar}",
key = {7},
year = 2013
}

@MISC{fancybox,
title = "{JQuery Fancybox}",
howpublished = "\\Accesible desde \url{http://fancybox.net}",
key = {13},
year = 2013
}

@MISC{jqeryui,
title = "{JQuery UI}",
howpublished = "\\Accesible desde \url{http://jqueryui.com}",
key = {13},
year = 2013
}

@MISC{wijmo,
title = "{Wijmo UI}",
howpublished = "\\Accesible desde \url{http://wijmo.com}",
key = {13},
year = 2013
}

@MISC{jsroutingbundle,
title = "{JsRoutingBundle}",
howpublished = "\\Accesible desde \url{https://github.com/FriendsOfSymfony/FOSJsRoutingBundle}",
key = {11},
year = 2013
}

@MISC{fpdf,
title = "{FPDF}",
howpublished = "\\Accesible desde \url{http://www.fpdf.org}",
key = {10},
year = 2013
}

@MISC{pdfbundle,
title = "{PdfBundle}",
howpublished = "\\Accesible desde \url{https://github.com/psliwa/PdfBundle}",
key = {12},
year = 2013
}

@MISC{fixturesbundle,
title = "{DoctrineFixturesBundle}",
howpublished = "\\Accesible desde \url{https://github.com/doctrine/DoctrineFixturesBundle}",
key = {12},
year = 2013
}

@MISC{gruposymfony,
title = "{Foro Google grupos Symfony}",
howpublished = "\\Accesible desde \url{groups.google.es/group/symfony-es}",
key = {8},
year = 2013
}

@MISC{stackoverflow,
title = "{Foro Stackoverflow}",
howpublished = "\\Accesible desde \url{http://stackoverflow.com}",
key = {9},
year = 2013
}

@MISC{wikipediarup,
title = "{Wikipedia RuP}",
howpublished = "\\Accesible desde \url{http://es.wikipedia.org/wiki/Proceso_Unificado_de_Rational}",
key = {9},
year = 2013
}

@book{libro1,
   author    = "G. Booch, J. Rumbaugh, I. Jacobson",
   title    = "El Lenguaje Unificado de Modelado. Guía de Usuario",
   year        = "1999",
   publisher    = "Addison Wesley"
}

@book{libro2,
   author    = "C. Larman",
   title    = "UML y Patrones: Una introducción al análisis y diseño orientado a objetos y al proceso unificado",
   year        = "2003",
   publisher    = "Prentice-Hall"
}

